<marc:collection xmlns:marc="http://www.loc.gov/MARC21/slim" xmlns:xsi="http://www.w3.org/2001/XMLSchema-instance" xsi:schemaLocation="http://www.loc.gov/MARC21/slim http://www.loc.gov/standards/marcxml/schema/MARC21slim.xsd">
    <marc:record type="Bibliographic">
        <marc:leader>02364cam a2200469 a 4500</marc:leader>
        <marc:controlfield tag="001">267370</marc:controlfield>
        <marc:controlfield tag="003">NjP</marc:controlfield>
        <marc:controlfield tag="005">20130918083856.0</marc:controlfield>
        <marc:controlfield tag="008">850719s1977    ir            000 0 ara d</marc:controlfield>
        <marc:datafield tag="035" ind1=" " ind2=" ">
            <marc:subfield code="a">(OCoLC)ocn176025604</marc:subfield>
        </marc:datafield>
        <marc:datafield tag="035" ind1=" " ind2=" ">
            <marc:subfield code="a">(OCoLC)5257545</marc:subfield>
        </marc:datafield>
        <marc:datafield tag="040" ind1=" " ind2=" ">
            <marc:subfield code="a">NjP</marc:subfield>
            <marc:subfield code="c">PUL</marc:subfield>
            <marc:subfield code="d">PUL</marc:subfield>
        </marc:datafield>
        <marc:datafield tag="035" ind1=" " ind2=" ">
            <marc:subfield code="a">(OCoLC)176025604</marc:subfield>
        </marc:datafield>
        <marc:datafield tag="035" ind1=" " ind2=" ">
            <marc:subfield code="a">(CStRLIN)NJPG85-B18965</marc:subfield>
        </marc:datafield>
        <marc:datafield tag="035" ind1=" " ind2=" ">
            <marc:subfield code="9">ABJ2526TS</marc:subfield>
        </marc:datafield>
        <marc:datafield tag="035" ind1=" " ind2=" ">
            <marc:subfield code="a">(NjP)267370</marc:subfield>
        </marc:datafield>
        <marc:datafield tag="041" ind1="0" ind2=" ">
            <marc:subfield code="a">arapereng</marc:subfield>
        </marc:datafield>
        <marc:datafield tag="079" ind1=" " ind2=" ">
            <marc:subfield code="a">ocm05257545</marc:subfield>
        </marc:datafield>
        <marc:datafield tag="049" ind1=" " ind2=" ">
            <marc:subfield code="a">PULL</marc:subfield>
        </marc:datafield>
        <marc:datafield tag="100" ind1="1" ind2=" ">
            <marc:subfield code="6">880-01</marc:subfield>
            <marc:subfield code="a">Kirmānī, Ḥamīd al-Dīn Aḥmad ibn ʻAbd Allāh,</marc:subfield>
            <marc:subfield code="d">active1020.</marc:subfield>
        </marc:datafield>
        <marc:datafield tag="245" ind1="1" ind2="3">
            <marc:subfield code="6">880-02</marc:subfield>
            <marc:subfield code="a">al-Aqwāl al-dhahabīyah /</marc:subfield>
            <marc:subfield code="c">Ḥamīd al-Dīn Kirmānī ; taḥqīq va taṣḥīḥ va muqaddamah, Ṣalāḥ al-Ṣāwī ; muqaddamah-ʼi Fārsī, Ghulām Riz̤ā Aʻvānī.</marc:subfield>
        </marc:datafield>
        <marc:datafield tag="260" ind1=" " ind2=" ">
            <marc:subfield code="6">880-03</marc:subfield>
            <marc:subfield code="a">Tehran :</marc:subfield>
            <marc:subfield code="b">Anjuman-i Shāhanshāhī-i Falsafah-ʼi Īrān,</marc:subfield>
            <marc:subfield code="c">2536 [1977]</marc:subfield>
        </marc:datafield>
        <marc:datafield tag="300" ind1=" " ind2=" ">
            <marc:subfield code="a">23, 141, 4 p. ;</marc:subfield>
            <marc:subfield code="c">24 cm.</marc:subfield>
        </marc:datafield>
        <marc:datafield tag="440" ind1=" " ind2="0">
            <marc:subfield code="6">880-04</marc:subfield>
            <marc:subfield code="a">Intishārāt-i Anjuman-i Shāhanshāhī-i Falsafah-ʼi Īrān ;</marc:subfield>
            <marc:subfield code="v">shumārah-ʼi 32</marc:subfield>
        </marc:datafield>
        <marc:datafield tag="440" ind1=" " ind2="0">
            <marc:subfield code="6">880-05</marc:subfield>
            <marc:subfield code="a">Majmūʻah-ʼi ās̲ār-i marbūṭ bih tafakkur-i Ismāʻīlī ;</marc:subfield>
            <marc:subfield code="v">2</marc:subfield>
        </marc:datafield>
        <marc:datafield tag="500" ind1=" " ind2=" ">
            <marc:subfield code="a">English introduction by Seyyed Hossein Nasr.</marc:subfield>
        </marc:datafield>
        <marc:datafield tag="500" ind1=" " ind2=" ">
            <marc:subfield code="a">Title on added t.p.: al-Aqwāl al-dhahabiyyah = Golden sayings.</marc:subfield>
        </marc:datafield>
        <marc:datafield tag="650" ind1=" " ind2="0">
            <marc:subfield code="a">Philosophy, Islamic</marc:subfield>
            <marc:subfield code="x">Early works to 1800.</marc:subfield>
        </marc:datafield>
        <marc:datafield tag="700" ind1="1" ind2=" ">
            <marc:subfield code="6">880-06</marc:subfield>
            <marc:subfield code="a">Ṣāwī, Ṣalāḥ.</marc:subfield>
        </marc:datafield>
        <marc:datafield tag="700" ind1="1" ind2=" ">
            <marc:subfield code="6">880-07</marc:subfield>
            <marc:subfield code="a">Aʻvānī, Ghulām Riz̤ā</marc:subfield>
        </marc:datafield>
        <marc:datafield tag="700" ind1="1" ind2=" ">
            <marc:subfield code="a">Nasr, Seyyed Hossein.</marc:subfield>
        </marc:datafield>
        <marc:datafield tag="740" ind1="0" ind2=" ">
            <marc:subfield code="a">Golden sayings.</marc:subfield>
        </marc:datafield>
        <marc:datafield tag="880" ind1="1" ind2=" ">
            <marc:subfield code="6">100-01/r</marc:subfield>
            <marc:subfield code="a">كرماني، حميد الدين احمد بن عبد الله،</marc:subfield>
            <marc:subfield code="d">active1020.</marc:subfield>
        </marc:datafield>
        <marc:datafield tag="880" ind1="1" ind2="2">
            <marc:subfield code="6">245-02/r</marc:subfield>
            <marc:subfield code="a">الاقوال الذهبية /</marc:subfield>
            <marc:subfield code="c">حميد الدين كرماني ؛ تحقيق و تصحيح و مقدمة، صلاح الصاوي ؛ مقدمة فارسي، غلام رضا اعواني.</marc:subfield>
        </marc:datafield>
        <marc:datafield tag="880" ind1=" " ind2=" ">
            <marc:subfield code="6">260-03/r</marc:subfield>
            <marc:subfield code="a">تهرن :</marc:subfield>
            <marc:subfield code="b">انجمن شاهنشاهى فلسفۀ ايران،</marc:subfield>
            <marc:subfield code="c">2536 [1977]</marc:subfield>
        </marc:datafield>
        <marc:datafield tag="880" ind1=" " ind2="0">
            <marc:subfield code="6">440-04/r</marc:subfield>
            <marc:subfield code="a">انتشارات انجمن شاهنشاهى فلسفۀ ايران ؛</marc:subfield>
            <marc:subfield code="v">شمارۀ 32</marc:subfield>
        </marc:datafield>
        <marc:datafield tag="880" ind1=" " ind2="0">
            <marc:subfield code="6">440-05/r</marc:subfield>
            <marc:subfield code="a">مجموعۀ آثار مربوط به تفكر اسماعىلى ؛</marc:subfield>
            <marc:subfield code="v">2</marc:subfield>
        </marc:datafield>
        <marc:datafield tag="880" ind1="1" ind2=" ">
            <marc:subfield code="6">700-06/r</marc:subfield>
            <marc:subfield code="a">صاوي، صلاح.</marc:subfield>
        </marc:datafield>
        <marc:datafield tag="880" ind1="1" ind2=" ">
            <marc:subfield code="6">700-07/r</marc:subfield>
            <marc:subfield code="a">اعوانى، غلام رضا</marc:subfield>
        </marc:datafield>
        <marc:datafield tag="998" ind1=" " ind2=" ">
            <marc:subfield code="a">12/23/85</marc:subfield>
            <marc:subfield code="s">9114</marc:subfield>
            <marc:subfield code="n">NjP</marc:subfield>
            <marc:subfield code="w">NJPG85B18965</marc:subfield>
            <marc:subfield code="d">07/19/85</marc:subfield>
            <marc:subfield code="c">KE</marc:subfield>
            <marc:subfield code="b">LRP</marc:subfield>
            <marc:subfield code="i">851223</marc:subfield>
            <marc:subfield code="l">NJPG</marc:subfield>
        </marc:datafield>
        <marc:datafield tag="911" ind1=" " ind2=" ">
            <marc:subfield code="a">19921028</marc:subfield>
        </marc:datafield>
        <marc:datafield tag="912" ind1=" " ind2=" ">
            <marc:subfield code="a">19900822000000.0</marc:subfield>
        </marc:datafield>
        <marc:datafield tag="999" ind1=" " ind2=" ">
            <marc:subfield code="a">267370</marc:subfield>
        </marc:datafield>
    </marc:record>
    </marc:collection>